@unpublished{1st,
	author = "Pinol, Lucas and Renaux-Petel, S\'ebastien and Tada, Yuichiro",
	title = "{1st paper}",
	note = "in preparation",
}

@unpublished{3rd,
	author = "Renaux-Petel, S\'ebastien and Tada, Yuichiro",
	title = "{3rd paper}",
	note = "in preparation",
}

@unpublished{4th,
	author = "Fujita, Tomohiro and Renaux-Petel, S\'ebastien and Tada, Yuichiro and Tokuda, Junsei",
	title = "{4th paper}",
	note = "in preparation"
}

@article{Ade:2015lrj,
      author         = "Ade, P. A. R. and others",
      title          = "{Planck 2015 results. XX. Constraints on inflation}",
      collaboration  = "Planck",
      journal        = "Astron. Astrophys.",
      volume         = "594",
      year           = "2016",
      pages          = "A20",
      doi            = "10.1051/0004-6361/201525898",
      eprint         = "1502.02114",
      archivePrefix  = "arXiv",
      primaryClass   = "astro-ph.CO",
      SLACcitation   = "%%CITATION = ARXIV:1502.02114;%%"
}

@article{Ade:2015tva,
      author         = "Ade, P. A. R. and others",
      title          = "{Joint Analysis of BICEP2/$Keck Array$ and $Planck$
                        Data}",
      collaboration  = "BICEP2, Planck",
      journal        = "Phys. Rev. Lett.",
      volume         = "114",
      year           = "2015",
      pages          = "101301",
      doi            = "10.1103/PhysRevLett.114.101301",
      eprint         = "1502.00612",
      archivePrefix  = "arXiv",
      primaryClass   = "astro-ph.CO",
      SLACcitation   = "%%CITATION = ARXIV:1502.00612;%%"
}

@article{Starobinsky:1980te,
      author         = "Starobinsky, Alexei A.",
      title          = "{A New Type of Isotropic Cosmological Models Without
                        Singularity}",
      journal        = "Phys. Lett.",
      volume         = "B91",
      year           = "1980",
      pages          = "99-102",
      doi            = "10.1016/0370-2693(80)90670-X",
      SLACcitation   = "%%CITATION = PHLTA,B91,99;%%"
}

@article{Sato:1980yn,
      author         = "Sato, K.",
      title          = "{First Order Phase Transition of a Vacuum and Expansion
                        of the Universe}",
      journal        = "Mon. Not. Roy. Astron. Soc.",
      volume         = "195",
      year           = "1981",
      pages          = "467-479",
      reportNumber   = "NORDITA-80-29",
      SLACcitation   = "%%CITATION = MNRAA,195,467;%%"
}

@article{Guth:1980zm,
      author         = "Guth, Alan H.",
      title          = "{The Inflationary Universe: A Possible Solution to the
                        Horizon and Flatness Problems}",
      journal        = "Phys. Rev.",
      volume         = "D23",
      year           = "1981",
      pages          = "347-356",
      doi            = "10.1103/PhysRevD.23.347",
      reportNumber   = "SLAC-PUB-2576",
      SLACcitation   = "%%CITATION = PHRVA,D23,347;%%"
}

@article{Linde:1981mu,
      author         = "Linde, Andrei D.",
      title          = "{A New Inflationary Universe Scenario: A Possible
                        Solution of the Horizon, Flatness, Homogeneity, Isotropy
                        and Primordial Monopole Problems}",
      booktitle      = "{Second Seminar on Quantum Gravity Moscow, USSR, October
                        13-15, 1981}",
      journal        = "Phys. Lett.",
      volume         = "B108",
      year           = "1982",
      pages          = "389-393",
      doi            = "10.1016/0370-2693(82)91219-9",
      reportNumber   = "LEBEDEV-81-229",
      SLACcitation   = "%%CITATION = PHLTA,B108,389;%%"
}

@article{Albrecht:1982wi,
      author         = "Albrecht, Andreas and Steinhardt, Paul J.",
      title          = "{Cosmology for Grand Unified Theories with Radiatively
                        Induced Symmetry Breaking}",
      journal        = "Phys. Rev. Lett.",
      volume         = "48",
      year           = "1982",
      pages          = "1220-1223",
      doi            = "10.1103/PhysRevLett.48.1220",
      reportNumber   = "UPR-0185T",
      SLACcitation   = "%%CITATION = PRLTA,48,1220;%%"
}

@article{Linde:1983gd,
      author         = "Linde, Andrei D.",
      title          = "{Chaotic Inflation}",
      journal        = "Phys. Lett.",
      volume         = "B129",
      year           = "1983",
      pages          = "177-181",
      doi            = "10.1016/0370-2693(83)90837-7",
      SLACcitation   = "%%CITATION = PHLTA,B129,177;%%"
}

@article{Mukhanov:1981xt,
      author         = "Mukhanov, Viatcheslav F. and Chibisov, G. V.",
      title          = "{Quantum Fluctuations and a Nonsingular Universe}",
      journal        = "JETP Lett.",
      volume         = "33",
      year           = "1981",
      pages          = "532-535",
      note           = "[Pisma Zh. Eksp. Teor. Fiz.33,549(1981)]",
      SLACcitation   = "%%CITATION = JTPLA,33,532;%%"
}

@article{Hawking:1982cz,
      author         = "Hawking, S. W.",
      title          = "{The Development of Irregularities in a Single Bubble
                        Inflationary Universe}",
      journal        = "Phys. Lett.",
      volume         = "115B",
      year           = "1982",
      pages          = "295",
      doi            = "10.1016/0370-2693(82)90373-2",
      reportNumber   = "Print-83-0015 (CAMBRIDGE)",
      SLACcitation   = "%%CITATION = PHLTA,115B,295;%%"
}

@article{Starobinsky:1982ee,
      author         = "Starobinsky, Alexei A.",
      title          = "{Dynamics of Phase Transition in the New Inflationary
                        Universe Scenario and Generation of Perturbations}",
      journal        = "Phys. Lett.",
      volume         = "117B",
      year           = "1982",
      pages          = "175-178",
      doi            = "10.1016/0370-2693(82)90541-X",
      SLACcitation   = "%%CITATION = PHLTA,117B,175;%%"
}

@article{Guth:1982ec,
      author         = "Guth, Alan H. and Pi, S. Y.",
      title          = "{Fluctuations in the New Inflationary Universe}",
      journal        = "Phys. Rev. Lett.",
      volume         = "49",
      year           = "1982",
      pages          = "1110-1113",
      doi            = "10.1103/PhysRevLett.49.1110",
      SLACcitation   = "%%CITATION = PRLTA,49,1110;%%"
}

@article{Bardeen:1983qw,
      author         = "Bardeen, James M. and Steinhardt, Paul J. and Turner,
                        Michael S.",
      title          = "{Spontaneous Creation of Almost Scale - Free Density
                        Perturbations in an Inflationary Universe}",
      journal        = "Phys. Rev.",
      volume         = "D28",
      year           = "1983",
      pages          = "679",
      doi            = "10.1103/PhysRevD.28.679",
      reportNumber   = "UPR-0202T, EFI-83-13-CHICAGO",
      SLACcitation   = "%%CITATION = PHRVA,D28,679;%%"
}

@article{Renaux-Petel:2015mga,
      author         = "Renaux-Petel, Sébastien and Turzyński, Krzysztof",
      title          = "{Geometrical Destabilization of Inflation}",
      journal        = "Phys. Rev. Lett.",
      volume         = "117",
      year           = "2016",
      number         = "14",
      pages          = "141301",
      doi            = "10.1103/PhysRevLett.117.141301",
      eprint         = "1510.01281",
      archivePrefix  = "arXiv",
      primaryClass   = "astro-ph.CO",
      SLACcitation   = "%%CITATION = ARXIV:1510.01281;%%"
}

@article{Renaux-Petel:2017dia,
      author         = "Renaux-Petel, Sébastien and Turzyński, Krzysztof and
                        Vennin, Vincent",
      title          = "{Geometrical destabilization, premature end of inflation
                        and Bayesian model selection}",
      year           = "2017",
      eprint         = "1706.01835",
      archivePrefix  = "arXiv",
      primaryClass   = "astro-ph.CO",
      SLACcitation   = "%%CITATION = ARXIV:1706.01835;%%"
}

@article{Garcia-Saenz:2018ifx,
      author         = "Garcia-Saenz, Sebastian and Renaux-Petel, Sébastien and
                        Ronayne, John",
      title          = "{Primordial fluctuations and non-Gaussianities in
                        sidetracked inflation}",
      year           = "2018",
      eprint         = "1804.11279",
      archivePrefix  = "arXiv",
      primaryClass   = "astro-ph.CO",
      SLACcitation   = "%%CITATION = ARXIV:1804.11279;%%"
}

@article{Brown:2017osf,
      author         = "Brown, Adam R.",
      title          = "{Hyperinflation}",
      year           = "2017",
      eprint         = "1705.03023",
      archivePrefix  = "arXiv",
      primaryClass   = "hep-th",
      SLACcitation   = "%%CITATION = ARXIV:1705.03023;%%"
}

@article{Mizuno:2017idt,
      author         = "Mizuno, Shuntaro and Mukohyama, Shinji",
      title          = "{Primordial perturbations from inflation with a
                        hyperbolic field-space}",
      year           = "2017",
      eprint         = "1707.05125",
      archivePrefix  = "arXiv",
      primaryClass   = "hep-th",
      reportNumber   = "YITP-17-73, IPMU17-0099",
      SLACcitation   = "%%CITATION = ARXIV:1707.05125;%%"
}

@article{Starobinsky:1986fx,
      author         = "Starobinsky, Alexei A.",
      title          = "{STOCHASTIC DE SITTER (INFLATIONARY) STAGE IN THE EARLY
                        UNIVERSE}",
      booktitle      = "{In *De Vega, H.j. ( Ed.), Sanchez, N. ( Ed.): Field
                        Theory, Quantum Gravity and Strings*, 107-126. Proceedings
                        of a Seminar Series Held at DAPHE, Observatoire de Meudon,
                        and LPTHE, Université Pierre et Marie Curie, Paris,
                        Between October 1984 and October 1985.}",
      journal        = "Lect. Notes Phys.",
      volume         = "246",
      year           = "1986",
      pages          = "107-126",
      doi            = "10.1007/3-540-16452-9_6",
      SLACcitation   = "%%CITATION = LNPHA,246,107;%%"
}

@article{Nambu:1987ef,
      author         = "Nambu, Yasusada and Sasaki, Misao",
      title          = "{Stochastic Stage of an Inflationary Universe Model}",
      journal        = "Phys. Lett.",
      volume         = "B205",
      year           = "1988",
      pages          = "441-446",
      doi            = "10.1016/0370-2693(88)90974-4",
      reportNumber   = "RRK-87-31",
      SLACcitation   = "%%CITATION = PHLTA,B205,441;%%"
}

@article{Nambu:1988je,
      author         = "Nambu, Yasusada and Sasaki, Misao",
      title          = "{Stochastic Approach to Chaotic Inflation and the
                        Distribution of Universes}",
      journal        = "Phys. Lett.",
      volume         = "B219",
      year           = "1989",
      pages          = "240-246",
      doi            = "10.1016/0370-2693(89)90385-7",
      reportNumber   = "RRK-88-35",
      SLACcitation   = "%%CITATION = PHLTA,B219,240;%%"
}

@article{Kandrup:1988sc,
      author         = "Kandrup, Henry E.",
      title          = "{STOCHASTIC INFLATION AS A TIME DEPENDENT RANDOM WALK}",
      journal        = "Phys. Rev.",
      volume         = "D39",
      year           = "1989",
      pages          = "2245",
      doi            = "10.1103/PhysRevD.39.2245",
      reportNumber   = "Print-89-0049 (FLORIDA)",
      SLACcitation   = "%%CITATION = PHRVA,D39,2245;%%"
}

@article{Nakao:1988yi,
      author         = "Nakao, Ken-ichi and Nambu, Yasusada and Sasaki, Misao",
      title          = "{Stochastic Dynamics of New Inflation}",
      journal        = "Prog. Theor. Phys.",
      volume         = "80",
      year           = "1988",
      pages          = "1041",
      doi            = "10.1143/PTP.80.1041",
      reportNumber   = "RRK-88-19",
      SLACcitation   = "%%CITATION = PTPKA,80,1041;%%"
}

@article{Nambu:1989uf,
      author         = "Nambu, Yasusada",
      title          = "{Stochastic Dynamics of an Inflationary Model and Initial
                        Distribution of Universes}",
      journal        = "Prog. Theor. Phys.",
      volume         = "81",
      year           = "1989",
      pages          = "1037",
      doi            = "10.1143/PTP.81.1037",
      reportNumber   = "RRK-89-3",
      SLACcitation   = "%%CITATION = PTPKA,81,1037;%%"
}

@article{Mollerach:1990zf,
      author         = "Mollerach, Silvia and Matarrese, Sabino and Ortolan,
                        Antonello and Lucchin, Francesco",
      title          = "{Stochastic inflation in a simple two field model}",
      journal        = "Phys. Rev.",
      volume         = "D44",
      year           = "1991",
      pages          = "1670-1679",
      doi            = "10.1103/PhysRevD.44.1670",
      reportNumber   = "DFPD-90-A-28",
      SLACcitation   = "%%CITATION = PHRVA,D44,1670;%%"
}

@article{Linde:1993xx,
      author         = "Linde, Andrei D. and Linde, Dmitri A. and Mezhlumian,
                        Arthur",
      title          = "{From the Big Bang theory to the theory of a stationary
                        universe}",
      journal        = "Phys. Rev.",
      volume         = "D49",
      year           = "1994",
      pages          = "1783-1826",
      doi            = "10.1103/PhysRevD.49.1783",
      eprint         = "gr-qc/9306035",
      archivePrefix  = "arXiv",
      primaryClass   = "gr-qc",
      reportNumber   = "SU-ITP-93-13",
      SLACcitation   = "%%CITATION = GR-QC/9306035;%%"
}

@article{Starobinsky:1994bd,
      author         = "Starobinsky, Alexei A. and Yokoyama, Junichi",
      title          = "{Equilibrium state of a selfinteracting scalar field in
                        the De Sitter background}",
      journal        = "Phys. Rev.",
      volume         = "D50",
      year           = "1994",
      pages          = "6357-6368",
      doi            = "10.1103/PhysRevD.50.6357",
      eprint         = "astro-ph/9407016",
      archivePrefix  = "arXiv",
      primaryClass   = "astro-ph",
      reportNumber   = "YITP-U-94-12",
      SLACcitation   = "%%CITATION = ASTRO-PH/9407016;%%"
}

@article{Rigopoulos:2004gr,
      author         = "Rigopoulos, Gerasimos I. and Shellard, E. P. S.",
      title          = "{Non-linear inflationary perturbations}",
      journal        = "JCAP",
      volume         = "0510",
      year           = "2005",
      pages          = "006",
      doi            = "10.1088/1475-7516/2005/10/006",
      eprint         = "astro-ph/0405185",
      archivePrefix  = "arXiv",
      primaryClass   = "astro-ph",
      SLACcitation   = "%%CITATION = ASTRO-PH/0405185;%%"
}

@article{Rigopoulos:2005xx,
      author         = "Rigopoulos, G. I. and Shellard, E. P. S. and van Tent, B.
                        J. W.",
      title          = "{Non-linear perturbations in multiple-field inflation}",
      journal        = "Phys. Rev.",
      volume         = "D73",
      year           = "2006",
      pages          = "083521",
      doi            = "10.1103/PhysRevD.73.083521",
      eprint         = "astro-ph/0504508",
      archivePrefix  = "arXiv",
      primaryClass   = "astro-ph",
      reportNumber   = "DAMTP-2005-45",
      SLACcitation   = "%%CITATION = ASTRO-PH/0504508;%%"
}

@article{Finelli:2008zg,
      author         = "Finelli, F. and Marozzi, G. and Starobinsky, A. A. and
                        Vacca, G. P. and Venturi, G.",
      title          = "{Generation of fluctuations during inflation: Comparison
                        of stochastic and field-theoretic approaches}",
      journal        = "Phys. Rev.",
      volume         = "D79",
      year           = "2009",
      pages          = "044007",
      doi            = "10.1103/PhysRevD.79.044007",
      eprint         = "0808.1786",
      archivePrefix  = "arXiv",
      primaryClass   = "hep-th",
      SLACcitation   = "%%CITATION = ARXIV:0808.1786;%%"
}

@article{Finelli:2010sh,
      author         = "Finelli, F. and Marozzi, G. and Starobinsky, A. A. and
                        Vacca, G. P. and Venturi, G.",
      title          = "{Stochastic growth of quantum fluctuations during
                        slow-roll inflation}",
      journal        = "Phys. Rev.",
      volume         = "D82",
      year           = "2010",
      pages          = "064020",
      doi            = "10.1103/PhysRevD.82.064020",
      eprint         = "1003.1327",
      archivePrefix  = "arXiv",
      primaryClass   = "hep-th",
      SLACcitation   = "%%CITATION = ARXIV:1003.1327;%%"
}

@article{Habib:1992ci,
      author         = "Habib, Salman",
      title          = "{Stochastic inflation: The Quantum phase space approach}",
      journal        = "Phys. Rev.",
      volume         = "D46",
      year           = "1992",
      pages          = "2408-2427",
      doi            = "10.1103/PhysRevD.46.2408",
      eprint         = "gr-qc/9208006",
      archivePrefix  = "arXiv",
      primaryClass   = "gr-qc",
      reportNumber   = "LA-UR-92-1148",
      SLACcitation   = "%%CITATION = GR-QC/9208006;%%"
}

@article{Grain:2017dqa,
      author         = "Grain, Julien and Vennin, Vincent",
      title          = "{Stochastic inflation in phase space: Is slow roll a
                        stochastic attractor?}",
      journal        = "JCAP",
      volume         = "1705",
      year           = "2017",
      number         = "05",
      pages          = "045",
      doi            = "10.1088/1475-7516/2017/05/045",
      eprint         = "1703.00447",
      archivePrefix  = "arXiv",
      primaryClass   = "gr-qc",
      SLACcitation   = "%%CITATION = ARXIV:1703.00447;%%"
}

@article{Ezquiaga:2018gbw,
      author         = "Ezquiaga, Jose María and García-Bellido, Juan",
      title          = "{Quantum diffusion beyond slow-roll: implications for
                        primordial black-hole production}",
      year           = "2018",
      eprint         = "1805.06731",
      archivePrefix  = "arXiv",
      primaryClass   = "astro-ph.CO",
      reportNumber   = "IFT-UAM/CSIC-18-051, CERN-TH-2018-120,
                        IFT-UAM-CSIC-18-051, CERN-TH-2018-120",
      SLACcitation   = "%%CITATION = ARXIV:1805.06731;%%"
}

@article{Morikawa:1989xz,
      author         = "Morikawa, Masahiro",
      title          = "{Dissipation and Fluctuation of Quantum Fields in
                        Expanding Universes}",
      journal        = "Phys. Rev.",
      volume         = "D42",
      year           = "1990",
      pages          = "1027-1034",
      doi            = "10.1103/PhysRevD.42.1027",
      reportNumber   = "Print-89-0564 (BRITISH COLUMBIA)",
      SLACcitation   = "%%CITATION = PHRVA,D42,1027;%%"
}

@article{Matarrese:2003ye,
      author         = "Matarrese, Sabino and Musso, Marcello A. and Riotto,
                        Antonio",
      title          = "{Influence of superhorizon scales on cosmological
                        observables generated during inflation}",
      journal        = "JCAP",
      volume         = "0405",
      year           = "2004",
      pages          = "008",
      doi            = "10.1088/1475-7516/2004/05/008",
      eprint         = "hep-th/0311059",
      archivePrefix  = "arXiv",
      primaryClass   = "hep-th",
      reportNumber   = "DFPD-03-A-42, FNT-T-2003-14",
      SLACcitation   = "%%CITATION = HEP-TH/0311059;%%"
}

@article{Levasseur:2013ffa,
      author         = "Perreault Levasseur, Laurence",
      title          = "{Lagrangian formulation of stochastic inflation: Langevin
                        equations, one-loop corrections and a proposed recursive
                        approach}",
      journal        = "Phys. Rev.",
      volume         = "D88",
      year           = "2013",
      number         = "8",
      pages          = "083537",
      doi            = "10.1103/PhysRevD.88.083537",
      eprint         = "1304.6408",
      archivePrefix  = "arXiv",
      primaryClass   = "hep-th",
      SLACcitation   = "%%CITATION = ARXIV:1304.6408;%%"
}

@article{Moss:2016uix,
      author         = "Moss, Ian and Rigopoulos, Gerasimos",
      title          = "{Effective long wavelength scalar dynamics in de Sitter}",
      journal        = "JCAP",
      volume         = "1705",
      year           = "2017",
      number         = "05",
      pages          = "009",
      doi            = "10.1088/1475-7516/2017/05/009",
      eprint         = "1611.07589",
      archivePrefix  = "arXiv",
      primaryClass   = "gr-qc",
      SLACcitation   = "%%CITATION = ARXIV:1611.07589;%%"
}

@article{Tokuda:2017fdh,
      author         = "Tokuda, Junsei and Tanaka, Takahiro",
      title          = "{Statistical nature of infrared dynamics on de Sitter
                        background}",
      year           = "2017",
      eprint         = "1708.01734",
      archivePrefix  = "arXiv",
      primaryClass   = "gr-qc",
      SLACcitation   = "%%CITATION = ARXIV:1708.01734;%%"
}

@article{Salopek:1990jq,
      author         = "Salopek, D. S. and Bond, J. R.",
      title          = "{Nonlinear evolution of long wavelength metric
                        fluctuations in inflationary models}",
      journal        = "Phys. Rev.",
      volume         = "D42",
      year           = "1990",
      pages          = "3936-3962",
      doi            = "10.1103/PhysRevD.42.3936",
      reportNumber   = "FERMILAB-PUB-90-131-A",
      SLACcitation   = "%%CITATION = PHRVA,D42,3936;%%"
}

@article{Schwinger:1960qe,
      author         = "Schwinger, Julian S.",
      title          = "{Brownian motion of a quantum oscillator}",
      journal        = "J. Math. Phys.",
      volume         = "2",
      year           = "1961",
      pages          = "407-432",
      doi            = "10.1063/1.1703727",
      SLACcitation   = "%%CITATION = JMAPA,2,407;%%"
}

@article{Feynman:1963fq,
      author         = "Feynman, R. P. and Vernon, Jr., F. L.",
      title          = "{The Theory of a general quantum system interacting with
                        a linear dissipative system}",
      journal        = "Annals Phys.",
      volume         = "24",
      year           = "1963",
      pages          = "118-173",
      doi            = "10.1016/0003-4916(63)90068-X",
      note           = "[Annals Phys.281,547(2000)]",
      SLACcitation   = "%%CITATION = APNYA,24,118;%%"
}

@article{Caldeira:1982iu,
      author         = "Caldeira, A. O. and Leggett, A. J.",
      title          = "{Path integral approach to quantum Brownian motion}",
      journal        = "Physica",
      volume         = "121A",
      year           = "1983",
      pages          = "587-616",
      doi            = "10.1016/0378-4371(83)90013-4",
      SLACcitation   = "%%CITATION = PHYSA,121A,587;%%"
}

@article{Grabert:1988yt,
      author         = "Grabert, H. and Schramm, P. and Ingold, G. L.",
      title          = "{Quantum Brownian motion: The Functional inegral
                        approach}",
      journal        = "Phys. Rept.",
      volume         = "168",
      year           = "1988",
      pages          = "115-207",
      doi            = "10.1016/0370-1573(88)90023-3",
      SLACcitation   = "%%CITATION = PRPLC,168,115;%%"
}

@article{Sasaki:1995aw,
      author         = "Sasaki, Misao and Stewart, Ewan D.",
      title          = "{A General analytic formula for the spectral index of the
                        density perturbations produced during inflation}",
      journal        = "Prog. Theor. Phys.",
      volume         = "95",
      year           = "1996",
      pages          = "71-78",
      doi            = "10.1143/PTP.95.71",
      eprint         = "astro-ph/9507001",
      archivePrefix  = "arXiv",
      primaryClass   = "astro-ph",
      reportNumber   = "LANCS-TH-9504, OU-TAP-22",
      SLACcitation   = "%%CITATION = ASTRO-PH/9507001;%%"
}

@book{Weinberg:2008zzc,
      author         = "Weinberg, Steven",
      title          = "{Cosmology}",
      url            = "http://www.oup.com/uk/catalogue/?ci=9780198526827",
      journal        = "Oxford, UK: Oxford Univ. Pr. (2008) 593 p",
      year           = "2008",
      ISBN           = "9780198526827",
      SLACcitation   = "%%CITATION = INSPIRE-794379;%%"
}

@article{Fujita:2013cna,
      author         = "Fujita, Tomohiro and Kawasaki, Masahiro and Tada,
                        Yuichiro and Takesako, Tomohiro",
      title          = "{A new algorithm for calculating the curvature
                        perturbations in stochastic inflation}",
      journal        = "JCAP",
      volume         = "1312",
      year           = "2013",
      pages          = "036",
      doi            = "10.1088/1475-7516/2013/12/036",
      eprint         = "1308.4754",
      archivePrefix  = "arXiv",
      primaryClass   = "astro-ph.CO",
      reportNumber   = "IPMU-13-0154, ICRR-REPORT-658-2013-7",
      SLACcitation   = "%%CITATION = ARXIV:1308.4754;%%"
}

@article{Fujita:2014tja,
      author         = "Fujita, Tomohiro and Kawasaki, Masahiro and Tada,
                        Yuichiro",
      title          = "{Non-perturbative approach for curvature perturbations in
                        stochastic $\delta N$ formalism}",
      journal        = "JCAP",
      volume         = "1410",
      year           = "2014",
      number         = "10",
      pages          = "030",
      doi            = "10.1088/1475-7516/2014/10/030",
      eprint         = "1405.2187",
      archivePrefix  = "arXiv",
      primaryClass   = "astro-ph.CO",
      reportNumber   = "ICRR-REPORT-680-2014-6, IPMU-14-0113",
      SLACcitation   = "%%CITATION = ARXIV:1405.2187;%%"
}

@article{Vennin:2015hra,
      author         = "Vennin, Vincent and Starobinsky, Alexei A.",
      title          = "{Correlation Functions in Stochastic Inflation}",
      journal        = "Eur. Phys. J.",
      volume         = "C75",
      year           = "2015",
      pages          = "413",
      doi            = "10.1140/epjc/s10052-015-3643-y",
      eprint         = "1506.04732",
      archivePrefix  = "arXiv",
      primaryClass   = "hep-th",
      SLACcitation   = "%%CITATION = ARXIV:1506.04732;%%"
}

@article{Dias:2015rca,
      author         = "Dias, Mafalda and Frazer, Jonathan and Seery, David",
      title          = "{Computing observables in curved multifield models of
                        inflation—A guide (with code) to the transport method}",
      journal        = "JCAP",
      volume         = "1512",
      year           = "2015",
      number         = "12",
      pages          = "030",
      doi            = "10.1088/1475-7516/2015/12/030",
      eprint         = "1502.03125",
      archivePrefix  = "arXiv",
      primaryClass   = "astro-ph.CO",
      SLACcitation   = "%%CITATION = ARXIV:1502.03125;%%"
}

@article{Ronayne:2017qzn,
      author         = "Ronayne, John W. and Mulryne, David J.",
      title          = "{Numerically evaluating the bispectrum in curved
                        field-space - with PyTransport 2.0}",
      year           = "2017",
      eprint         = "1708.07130",
      archivePrefix  = "arXiv",
      primaryClass   = "astro-ph.CO",
      SLACcitation   = "%%CITATION = ARXIV:1708.07130;%%"
}

@article{Salopek:1990re,
      author         = "Salopek, D. S. and Bond, J. R.",
      title          = "{Stochastic inflation and nonlinear gravity}",
      journal        = "Phys. Rev.",
      volume         = "D43",
      year           = "1991",
      pages          = "1005-1031",
      doi            = "10.1103/PhysRevD.43.1005",
      reportNumber   = "FERMILAB-PUB-90-167-A",
      SLACcitation   = "%%CITATION = PHRVA,D43,1005;%%"
}

@article{Tolley:2008na,
      author         = "Tolley, Andrew J. and Wyman, Mark",
      title          = "{Stochastic Inflation Revisited: Non-Slow Roll Statistics
                        and DBI Inflation}",
      journal        = "JCAP",
      volume         = "0804",
      year           = "2008",
      pages          = "028",
      doi            = "10.1088/1475-7516/2008/04/028",
      eprint         = "0801.1854",
      archivePrefix  = "arXiv",
      primaryClass   = "hep-th",
      reportNumber   = "PI-COSMO-58",
      SLACcitation   = "%%CITATION = ARXIV:0801.1854;%%"
}

@article{Vilenkin:1999kd,
      author         = "Vilenkin, Alexander",
      title          = "{On the factor ordering problem in stochastic inflation}",
      journal        = "Phys. Rev.",
      volume         = "D59",
      year           = "1999",
      pages          = "123506",
      doi            = "10.1103/PhysRevD.59.123506",
      eprint         = "gr-qc/9902007",
      archivePrefix  = "arXiv",
      primaryClass   = "gr-qc",
      SLACcitation   = "%%CITATION = GR-QC/9902007;%%"
}

@inproceedings{Mezhlumian:1991hw,
      author         = "Mezhlumian, A. and Starobinsky, Alexei A.",
      title          = "{Stochastic inflation: New results}",
      booktitle      = "{The First International A.D. Sakharov Conference on
                        Physics Moscow, USSR, May 27-31, 1991}",
      year           = "1991",
      eprint         = "astro-ph/9406045",
      archivePrefix  = "arXiv",
      primaryClass   = "astro-ph",
      reportNumber   = "LANDAU-91-TMP-1-REV",
      SLACcitation   = "%%CITATION = ASTRO-PH/9406045;%%"
}



